@comment{x-kbibtex-personnameformatting=<%l><, %f>}

%% This BibTeX bibliography file was created using BibDesk.
%% http://bibdesk.sourceforge.net/

%% Created for Alberto Paoluzzi at 2015-02-04 06:53:37 +0100 

%% Saved with string encoding Unicode (UTF-8) 

@article{paodcvjcadanda2015,
	author = "Paoluzzi, Alberto and DiCarlo, Antonio and Furiani, Francesco and Jirik, Miroslav",
	journal = "Computer-Aided Design and Applications",
	note = "To appear",
	title = "{CAD models from medical images using LAR}",
	volume = "13",
	year = 2015
}

@inproceedings{Bajaj:1996:SCC:237218.237246,
	acmid = "237246",
	address = "New York, NY, {USA}",
	author = "Bajaj, Chandrajit L. and Pascucci, Valerio",
	booktitle = "{Proceedings of the Twelfth Annual Symposium on Computational Geometry}",
	doi = "10.1145/237218.237246",
	isbn = "0-89791-804-5",
	location = "Philadelphia, Pennsylvania, USA",
	numpages = "10",
	pages = "88--97",
	publisher = "Acm",
	series = "{SCG '96}",
	title = "{Splitting a Complex of Convex Polytopes in Any Dimension}",
	url = "http://doi.acm.org/10.1145/237218.237246",
	year = 1996
}

@article{Hopcroft:1973:AEA:362248.362272,
	acmid = "362272",
	address = "New York, NY, USA",
	author = "Hopcroft, John and Tarjan, Robert",
	bdsk-url-1 = "http://doi.acm.org/10.1145/362248.362272",
	bdsk-url-2 = "http://dx.doi.org/10.1145/362248.362272",
	date-added = "2015-02-04 05:53:27 +0000",
	date-modified = "2015-02-04 05:53:27 +0000",
	doi = "10.1145/362248.362272",
	issn = "0001-0782",
	issue_date = "June 1973",
	journal = "Commun. ACM",
	keywords = "analysis of algorithms; graph manipulation; graphs",
	month = jun,
	number = "6",
	numpages = "7",
	pages = "372--378",
	publisher = "ACM",
	title = "{Algorithm 447: Efficient Algorithms for Graph Manipulation}",
	url = "http://doi.acm.org/10.1145/362248.362272",
	volume = "16",
	year = "1973"
}

@inbook{Meakin:99,
	author = "Meakin, Robert L.",
	booktitle = "{Handbook of Grid Generation}",
	chapter = 11,
	publisher = "CRC Press",
	title = "{Composite Overset Structured Grids}",
	year = 1999
}

@inproceedings{Desbrun:2005:DDF:1198555.1198666,
	acmid = "1198666",
	address = "New York, NY, {USA}",
	articleno = "7",
	author = "Desbrun, Mathieu and Kanso, Eva and Tong, Yiying",
	bdsk-url-1 = "http://doi.acm.org/10.1145/1198555.1198666",
	bdsk-url-2 = "http://dx.doi.org/10.1145/1198555.1198666",
	booktitle = "{ACM SIGGRAPH 2005 Courses}",
	doi = "10.1145/1198555.1198666",
	location = "Los Angeles, California",
	publisher = "Acm",
	series = "{SIGGRAPH '05}",
	title = "{Discrete Differential Forms for Computational Modeling}",
	url = "http://doi.acm.org/10.1145/1198555.1198666",
	year = 2005
}

@article{CattaniP-BIL1990,
	author = "Cattani, C. and Paoluzzi, A.",
	journal = "Computer-Aided Design",
	number = 2,
	pages = "130--135",
	title = "{Boundary integration over linear polyhedra}",
	volume = 22,
	year = 1990
}

@conference{who:2013,
	address = "Oslo, Norway",
	author = "Abdel-Moneim, Adham R. Ismail",
	booktitle = "{Future Healthcare -- The opportunities of new technology}",
	month = "18--20 June",
	organization = "38th World Hospital Congress",
	title = "{Hospital Planning and Medical Equipment Design}",
	year = 2013
}

@inproceedings{esa-iim2014,
	address = "Romanian Space Agency (ROSA), Bucharest, Romania",
	author = "Furiani, Francesco and Paoluzzi, Claudio and Paoluzzi, Alberto",
	booktitle = "{ESA-EUSC-JRC: Image Information Mining 2014 Conference}",
	month = "March, 5 -- 7",
	title = "{Algebraic Mining of Solid Models from Images}",
	year = 2014
}

@article{Dicarlo:2014:TNL:2543138.2543294,
	acmid = "2543294",
	address = "Newton, MA, USA",
	author = "Dicarlo, Antonio and Paoluzzi, Alberto and Shapiro, Vadim",
	bdsk-url-1 = "http://dx.doi.org/10.1016/j.cad.2013.08.044",
	doi = "10.1016/j.cad.2013.08.044",
	issn = "0010-4485",
	issue_date = "January, 2014",
	journal = "Comput. Aided Des.",
	keywords = "Chain complex; Representation scheme; Solid modeling; Sparse matrix",
	month = jan,
	numpages = "6",
	pages = "269--274",
	publisher = "Butterworth-Heinemann",
	title = "{Linear Algebraic Representation for Topological Structures}",
	url = "http://dx.doi.org/10.1016/j.cad.2013.08.044",
	volume = "46",
	year = "2014"
}

@article{DBLP:journals/cad/FerruciP91,
	author = "Ferrucci, Vincenzo and Paoluzzi, Alberto",
	bibsource = "DBLP, http://dblp.uni-trier.de",
	ee = "http://dx.doi.org/10.1016/0010-4485(91)90080-G",
	journal = "Computer-Aided Design",
	number = "1",
	pages = "40--50",
	title = "{Extrusion and boundary evaluation for multidimensional polyhedra}",
	volume = "23",
	year = "1991"
}

@article{miktek:2012,
	author = "Wright, Joseph",
	date-added = "2013-10-28 03:45:12 +0000",
	date-modified = "2013-10-28 03:50:44 +0000",
	journal = "TUGboat",
	number = "1",
	title = "{\TeX\ on Windows: MiK\TeX\ or \TeX\ Live?}",
	volume = "33",
	year = "2012"
}

@techreport{cclar-proj:2013:00,
	author = "CVD-Lab",
	date-added = "2013-10-26 04:03:57 +0000",
	date-modified = "2013-10-26 04:08:23 +0000",
	institution = "Roma Tre University",
	month = "October",
	number = "13-00",
	title = "{Linear Algebraic Representation}",
	year = "2013"
}

@article{Knuth:1984:LP:473.479,
	acmid = "479",
	address = "Oxford, UK",
	author = "Knuth, Donald E.",
	bdsk-url-1 = "http://dx.doi.org/10.1093/comjnl/27.2.97",
	date-added = "2013-10-13 12:34:12 +0000",
	date-modified = "2013-10-13 12:34:12 +0000",
	doi = "10.1093/comjnl/27.2.97",
	issn = "0010-4620",
	issue_date = "May 1984",
	journal = "Comput. J.",
	month = may,
	number = "2",
	numpages = "15",
	pages = "97--111",
	publisher = "Oxford University Press",
	title = "{Literate programming}",
	url = "http://dx.doi.org/10.1093/comjnl/27.2.97",
	volume = "27",
	year = "1984"
}

@book{Knuth:1994:CSS:561208,
	address = "Boston, MA, USA",
	author = "Knuth, Donald Ervin and Levy, Silvio",
	date-added = "2013-10-13 06:20:40 +0000",
	date-modified = "2013-10-13 06:20:40 +0000",
	edition = "1st",
	isbn = "0201575698",
	publisher = "Addison-Wesley Longman Publishing Co., Inc.",
	title = "{The CWEB System of Structured Documentation: Version 3.0}",
	year = "1994"
}

@book{Knuth:1992:LP:129057,
	address = "Stanford, CA, USA",
	author = "Knuth, Donald E.",
	date-added = "2013-10-13 06:17:17 +0000",
	date-modified = "2013-10-13 06:17:17 +0000",
	isbn = "0-9370-7380-6",
	publisher = "Center for the Study of Language and Information",
	title = "{Literate programming}",
	year = "1992"
}

@book{citeulike:1289401,
	author = "Sato, Hajime",
	month = jun,
	publisher = "American Mathematical Society",
	title = "{Algebraic Topology: An Intuitive Approach (Translations of Mathematical Monographs)}",
	year = "1999"
}

@inproceedings{Williams:2007:OSM:1362622.1362674,
	acmid = "1362674",
	address = "New York, NY, USA",
	articleno = "38",
	author = "Williams, Samuel and Oliker, Leonid and Vuduc, Richard and Shalf, John and Yelick, Katherine and Demmel, James",
	bdsk-url-1 = "http://doi.acm.org/10.1145/1362622.1362674",
	bdsk-url-2 = "http://dx.doi.org/10.1145/1362622.1362674",
	booktitle = "{Proceedings of the 2007 ACM/IEEE conference on Supercomputing}",
	doi = "10.1145/1362622.1362674",
	isbn = "978-1-59593-764-3",
	location = "Reno, Nevada",
	numpages = "12",
	pages = "38:1--38:12",
	publisher = "ACM",
	series = "{SC '07}",
	title = "{Optimization of sparse matrix-vector multiplication on emerging multicore platforms}",
	url = "http://doi.acm.org/10.1145/1362622.1362674",
	year = "2007"
}

@book{cottrell2009isogeometric,
	author = "Cottrell, J.A. and Hughes, T.J.R. and Bazilevs, Y.",
	publisher = "Wiley",
	title = "{Isogeometric analysis: toward integration of CAD and FEA}",
	year = 2009
}

@article{gemmexp,
	arxiv = "http://arxiv.org/abs/1109.3739",
	author = "Bulu\c{c}, Ayd{\i}n and Gilbert, John R.",
	bdsk-url-1 = "http://gauss.cs.ucsb.edu/~aydin/spgemm\_sisc12.pdf",
	bdsk-url-2 = "http://dx.doi.org/10.1137/110848244",
	doi = "10.1137/110848244",
	journal = "{SIAM} Journal of Scientific Computing (SISC)",
	number = 4,
	pages = "170--191",
	title = "{Parallel Sparse Matrix-Matrix Multiplication and Indexing: Implementation and Experiments}",
	url = "http://gauss.cs.ucsb.edu/~aydin/spgemm_sisc12.pdf",
	volume = 34,
	year = 2012
}

@inproceedings{DiCarlo:2007:SPM:1236246.1236259,
	acmid = "1236259",
	address = "New York, NY, {USA}",
	author = "DiCarlo, Antonio and Milicchio, Franco and Paoluzzi, Alberto and Shapiro, Vadim",
	bdsk-url-1 = "http://doi.acm.org/10.1145/1236246.1236259",
	bdsk-url-2 = "http://dx.doi.org/10.1145/1236246.1236259",
	booktitle = "{Proceedings of the 2007 ACM symposium on Solid and physical modeling}",
	doi = "10.1145/1236246.1236259",
	isbn = "978-1-59593-666-0",
	keywords = "Hasse matrix; computational mesh; finite methods; split algorithm; topology representation",
	location = "Beijing, China",
	numpages = "12",
	pages = "73--84",
	publisher = "Acm",
	series = "{SPM '07}",
	title = "{Solid and physical modeling with chain complexes}",
	url = "http://doi.acm.org/10.1145/1236246.1236259",
	year = 2007
}

@article{paoAdcVs:Siggraph2013:2013,
	author = "Paoluzzi, Alberto and DiCarlo, Antonio and Shapiro, Vadim",
	journal = "Submitted Paper",
	note = "\href{http://paoluzzi.dia.uniroma3.it/web/pao/doc/paoluzzi-SK-Tel.pdf}{http://paoluzzi.dia.uniroma3.it/web/pao/doc/paoluzzi-SK-Tel.pdf}",
	number = "January",
	title = "{Linear Algebraic Representation of Big Geometric Data}",
	year = 2013
}

@article{Hellerstein:2008,
	author = "Hellerstein, Joe",
	journal = "Gigaom Blog",
	note = "http:// gigaom.com/2008/ 11/09/mapreduce-leads-the-way-for-parallel-programming/",
	number = "November",
	title = "{Parallel Programming in the Age of Big Data}",
	year = 2008
}

@book{Anderson:2010,
	author = "Anderson, J. Chris and Lehnardt, Jan and Slater, Noah",
	edition = "1st Edition",
	publisher = "O'Reilly Media",
	title = "{CouchDB The Definitive Guide}",
	year = 2010
}

@book{White:2009,
	author = "White, Tom",
	edition = "1st Edition",
	publisher = "O'Reilly Media",
	title = "{Hadoop: The Definitive Guide}",
	year = 2009
}

@article{Barber:1996:QAC:235815.235821,
	acmid = "235821",
	address = "New York, NY, {USA}",
	author = "Barber, C. Bradford and Dobkin, David P. and Huhdanpaa, Hannu",
	bdsk-url-1 = "http://doi.acm.org/10.1145/235815.235821",
	bdsk-url-2 = "http://dx.doi.org/10.1145/235815.235821",
	doi = "10.1145/235815.235821",
	issn = "0098-3500",
	issue_date = "Dec. 1996",
	journal = "{ACM} Trans. Math. Softw.",
	keywords = "Delaunay triangulation; Voronoi diagram; convex hull; halfspace intersection",
	month = dec,
	number = 4,
	numpages = "15",
	pages = "469--483",
	publisher = "Acm",
	title = "{The quickhull algorithm for convex hulls}",
	url = "http://doi.acm.org/10.1145/235815.235821",
	volume = 22,
	year = 1996
}

@article{Rossignac:1999:ECC:614273.614421,
	acmid = "614421",
	address = "Piscataway, NJ, {USA}",
	author = "Rossignac, Jarek",
	bdsk-url-1 = "http://dx.doi.org/10.1109/2945.764870",
	doi = "10.1109/2945.764870",
	issn = "1077-2626",
	issue_date = "January 1999",
	journal = "{IEEE} Transactions on Visualization and Computer Graphics",
	keywords = "Compression; 3D models; geometric representation; computer graphics; solid modeling.",
	month = jan,
	number = 1,
	numpages = "15",
	pages = "47--61",
	publisher = "{IEEE} Educational Activities Department",
	title = "{Edgebreaker: Connectivity Compression for Triangle Meshes}",
	url = "http://dx.doi.org/10.1109/2945.764870",
	volume = 5,
	year = 1999
}

@book{whithney,
	author = "Whitney, Hassler",
	publisher = "Dover",
	title = "{Geometric integration Theory}",
	year = 1957
}

@inproceedings{Mesgari:2000,
	author = "Mesgari, Saadi",
	booktitle = "{International Archives of Photogrammetry and Remote Sensing. Vol. XXXIII, Part B4. Amsterdam}",
	title = "{DEVELOPING A THREE-DIMENSIONAL TOPOLOGICAL DATA MODEL}",
	year = 2000
}

@conference{arm:2011,
	author = "Lokhmotov, Anton",
	booktitle = "{OpenCL tutorial, 6th Int. Conference on High Performance and Embedded Architectures and Compilers (HiPEAC'11)}",
	title = "{Implementing Sparse Matrix-Vector Product in {OpenCL}}",
	year = 2012
}

@techreport{cuda:2008,
	author = "Bell, Nathan and Garland, Michael",
	institution = "NVIDIA Corp",
	month = "December",
	number = "NVR-2008-004",
	title = "{Efficient Sparse Matrix-Vector Multiplication on {CUDA}}",
	year = 2008
}

@book{hausmann:2012,
	author = "Hausmann, Jean-Claude",
	note = "Book Project, http://www.unige.ch/math/folks/hausmann/",
	title = "{Mod Two Homology and Cohomology}",
	year = 2012
}

@inproceedings{5521474,
	author = "Li, Bo and Li, Xin and Wang, Kexiang and Qin, Hong",
	bdsk-url-1 = "http://dx.doi.org/10.1109/SMI.2010.40",
	booktitle = "{Shape Modeling International Conference (SMI), 2010}",
	doi = "10.1109/SMI.2010.40",
	keywords = "data-spline-conversion modeling framework; engineering analysis; generalized PolyCube trivariate splines; hierarchical fitting scheme design; high-accuracy data fitting; reverse engineering; shape modeling; solid model parameter; trivariate T-splines; trivariate hierarchical spline scheme; volumetric data representation; data structures; reverse engineering; solid modelling; splines (mathematics)",
	month = "june",
	pages = "261--265",
	title = "{Generalized PolyCube Trivariate Splines}",
	year = 2010
}

@inproceedings{Brisson:1989:RGS:73833.73858,
	acmid = "73858",
	address = "New York, NY, {USA}",
	author = "Brisson, E.",
	bdsk-url-1 = "http://doi.acm.org/10.1145/73833.73858",
	bdsk-url-2 = "http://dx.doi.org/10.1145/73833.73858",
	booktitle = "{Proc.~of the 5-th Annual Symposium on Computational Geometry}",
	doi = "10.1145/73833.73858",
	isbn = "0-89791-318-3",
	location = "Saarbruchen, West Germany",
	numpages = "10",
	pages = "218--227",
	publisher = "Acm",
	series = "{SCG '89}",
	title = "{Representing geometric structures in $d$ dimensions: topology and order}",
	url = "http://doi.acm.org/10.1145/73833.73858",
	year = 1989
}

@inproceedings{Wang:2007:PS:1236246.1236281,
	acmid = "1236281",
	address = "New York, NY, {USA}",
	author = "Wang, Hongyu and He, Ying and Li, Xin and Gu, Xianfeng and Qin, Hong",
	bdsk-url-1 = "http://doi.acm.org/10.1145/1236246.1236281",
	bdsk-url-2 = "http://dx.doi.org/10.1145/1236246.1236281",
	booktitle = "{Proceedings of the 2007 ACM symposium on Solid and physical modeling}",
	doi = "10.1145/1236246.1236281",
	isbn = "978-1-59593-666-0",
	keywords = "affine atlas; manifold splines; polycube map; polycube splines; shape computing; solid modeling",
	location = "Beijing, China",
	numpages = "11",
	pages = "241--251",
	publisher = "Acm",
	series = "{SPM '07}",
	title = "{Polycube splines}",
	url = "http://doi.acm.org/10.1145/1236246.1236281",
	year = 2007
}

@article{DBLP:journals/tvcg/WangLLXQ12,
	author = "Wang, Kexiang and Li, Xin and Li, Bo and Xu, Huanhuan and Qin, Hong",
	bibsource = "DBLP, http://dblp.uni-trier.de",
	ee = "http://doi.ieeecomputersociety.org/10.1109/TVCG.2011.102",
	journal = "{IEEE} Trans. Vis. Comput. Graph.",
	number = 5,
	pages = "703--716",
	title = "{Restricted Trivariate Polycube Splines for Volumetric Data Modeling}",
	volume = 18,
	year = 2012
}

@techreport{BWWLA89,
	author = "Backus, J. and Williams, J.H. and Wimmers, E.L. and Lucas, P. and Aiken, A.",
	institution = "IBM Research Report",
	title = "{{FL} Language Manual, Parts 1 and 2.}",
	volume = "RJ 7100 (67163)",
	year = 1989
}

@incollection{fl-1,
	address = "Boston, MA, {USA}",
	author = "Backus, John and Williams, John H. and Wimmers, Edward L.",
	booktitle = "{Research topics in functional programming}",
	isbn = "0-201-17236-4",
	pages = "219--247",
	publisher = "Addison-Wesley Longman Publishing Co., Inc.",
	title = "{An introduction to the programming language {FL}}",
	year = 1990
}

@article{backus:78,
	address = "New York, NY, {USA}",
	author = "Backus, John",
	bdsk-url-1 = "http://doi.acm.org/10.1145/359576.359579",
	doi = "10.1145/359576.359579",
	issn = "0001-0782",
	journal = "Commun. {ACM}",
	number = 8,
	pages = "613--641",
	publisher = "{ACM} Press",
	title = "{Can programming be liberated from the {von Neumann} style?: a functional style and its algebra of programs}",
	volume = 21,
	year = 1978
}

@book{Paoluzzi2003a,
	address = "Chichester, {UK}",
	author = "Paoluzzi, A.",
	isbn = "9780471899426",
	publisher = "John Wiley \& Sons",
	title = "{Geometric Programming for Computer Aided Design}",
	year = 2003
}

@phdthesis{Weiler:86,
	author = "Weiler, K. J.",
	school = "Rensselaer Polytechnic Institute",
	title = "{Topological structures for geometric modeling}",
	year = 1986
}

@incollection{Weiler:88,
	address = "Amsterdam",
	author = "Weiler, K. J.",
	booktitle = "{Geometric modelling for CAD applications}",
	editor = "Wozny, M. and McLaughlin, H. and Encarnacao, J.",
	pages = "3--12",
	publisher = "North-Holland",
	title = "{The radial edge structure: A topological representation for non-manifold geometric modelling}",
	year = 1988
}

@inproceedings{Desbarats:2003:CCT:1761792.1761850,
	acmid = "1761850",
	address = "Berlin, Heidelberg",
	author = "Desbarats, Pascal and Gueorguieva, Stefka",
	bdsk-url-1 = "http://dl.acm.org/citation.cfm?id=1761792.1761850",
	booktitle = "{Proceedings of the 2003 international conference on Computational science and its applications: PartIII}",
	isbn = "3-540-40156-3",
	location = "Montreal, Canada",
	numpages = "10",
	pages = "498--507",
	publisher = "Springer-Verlag",
	series = "{ICCSA'03}",
	title = "{{CW} complexes: topological mainframe for numerical representations of objects}",
	url = "http://dl.acm.org/citation.cfm?id=1761792.1761850",
	year = 2003
}

@book{Mantyla:1988:ISM:60949,
	address = "New York, NY, {USA}",
	author = "Mantyla, M.",
	isbn = "0-88175-108-1",
	publisher = "W. H. Freeman \& Co.",
	title = "{Introduction to Solid Modeling}",
	year = 1988
}

@article{Lienhardt:1991:TMB:115604.115610,
	acmid = "115610",
	address = "Newton, MA, {USA}",
	author = "Lienhardt, Pascal",
	bdsk-url-1 = "http://dx.doi.org/10.1016/0010-4485(91)90082-8",
	doi = "10.1016/0010-4485(91)90082-8",
	issn = "0010-4485",
	issue_date = "Jan./Feb. 1991",
	journal = "Comput. Aided Des.",
	month = feb,
	number = 1,
	numpages = "24",
	pages = "59--82",
	publisher = "Butterworth-Heinemann",
	title = "{Topological models for boundary representation: a comparison with n-dimensional generalized maps}",
	url = "http://dx.doi.org/10.1016/0010-4485(91)90082-8",
	volume = 23,
	year = 1991
}

@article{Kalay:1989:HET:63718.63719,
	acmid = "63719",
	address = "Newton, MA, {USA}",
	author = "Kalay, Y. E.",
	bdsk-url-1 = "http://dx.doi.org/10.1016/0010-4485(89)90067-5",
	doi = "10.1016/0010-4485(89)90067-5",
	issn = "0010-4485",
	issue_date = "April 1989",
	journal = "Comput. Aided Des.",
	month = apr,
	number = 3,
	numpages = "11",
	pages = "130--140",
	publisher = "Butterworth-Heinemann",
	title = "{The hybrid edge: a topological data structure for vertically integrated geometric modelling}",
	url = "http://dx.doi.org/10.1016/0010-4485(89)90067-5",
	volume = 21,
	year = 1989
}

@book{hatcher:2002,
	author = "Hatcher, Allen",
	date-added = "2006-11-14 11:38:35 +0100",
	date-modified = "2006-11-14 11:38:35 +0100",
	publisher = "Cambridge University Press",
	title = "{Algebraic topology}",
	year = 2002
}

@article{BajajDHLMNPPS-JBM2006,
	author = "Bajaj, C. and DiCarlo, A. and Haiat, G. and Laugier, P. and Milicchio, F. and Naili, S. and Padilla, F. and Paoluzzi, A. and Peyrin, F. and Scorzelli, G.",
	journal = "Journal of Biomechanics",
	page = "S5",
	title = "{Extracting trabecular geometry from tomographic images of spongy bone}",
	volume = "39, Supplement 1",
	year = 2006
}

@inproceedings{DMPS02,
	acmid = "566307",
	address = "New York, NY, {USA}",
	author = "{De Floriani}, Leila and Magillo, Paola and Puppo, Enrico and Sobrero, Davide",
	bdsk-url-1 = "http://doi.acm.org/10.1145/566282.566307",
	bdsk-url-2 = "http://dx.doi.org/10.1145/566282.566307",
	booktitle = "{Proceedings of the seventh ACM symposium on Solid modeling and applications}",
	doi = "10.1145/566282.566307",
	isbn = "1-58113-506-8",
	keywords = "data structures; multiresolution; non-manifold modeling",
	location = "Saarbr\&\#252;cken, Germany",
	numpages = "12",
	pages = "159--170",
	publisher = "Acm",
	series = "{SMA '02}",
	title = "{A multi-resolution topological representation for non-manifold meshes}",
	url = "http://doi.acm.org/10.1145/566282.566307",
	year = 2002
}

@inproceedings{Rap97,
	acmid = "267749",
	address = "New York, NY, {USA}",
	author = "Rappoport, Ari",
	bdsk-url-1 = "http://doi.acm.org/10.1145/267734.267749",
	bdsk-url-2 = "http://dx.doi.org/10.1145/267734.267749",
	booktitle = "{Proceedings of the fourth ACM symposium on Solid modeling and applications}",
	doi = "10.1145/267734.267749",
	isbn = "0-89791-946-7",
	keywords = "classifying models; generic geometric complex; invariant naming; modeling schemes; persistant naming; selective geometric complex; shape families",
	location = "Atlanta, Georgia, United States",
	numpages = "12",
	pages = "19--30",
	publisher = "Acm",
	series = "{SMA '97}",
	title = "{The generic geometric complex (GGC): a modeling scheme for families of decomposed pointsets}",
	url = "http://doi.acm.org/10.1145/267734.267749",
	year = 1997
}

@book{farin2002handbook,
	author = "Farin, G. and Hoschek, J. and Kim, S.",
	bdsk-url-1 = "http://books.google.it/books?id=0SV5G8fgxLoC",
	isbn = "9780444511041",
	lccn = "2002069649",
	publisher = "Elsevier Science",
	title = "{Handbook of Computer Aided Geometric Design}",
	url = "http://books.google.it/books?id=0SV5G8fgxLoC",
	year = 2002
}

@incollection{shapiroSM:202,
	author = "Shapiro, Vadim",
	booktitle = "{Handbook of Computer Aided Geometric Design}",
	chapter = 20,
	editor = "Farin, G. and Hoschek, J. and Kim, S.",
	pages = "473--518",
	publisher = "Elsevier Science",
	title = "{Solid modeling}",
	year = 2002
}

@article{Requicha:1980:RRS:356827.356833,
	acmid = "356833",
	address = "New York, NY, {USA}",
	author = "Requicha, Aristides G.",
	bdsk-url-1 = "http://doi.acm.org/10.1145/356827.356833",
	bdsk-url-2 = "http://dx.doi.org/10.1145/356827.356833",
	doi = "10.1145/356827.356833",
	issn = "0360-0300",
	issue_date = "Dec. 1980",
	journal = "{ACM} Comput. Surv.",
	month = dec,
	number = 4,
	numpages = "28",
	pages = "437--464",
	publisher = "Acm",
	title = "{Representations for Rigid Solids: Theory, Methods, and Systems}",
	url = "http://doi.acm.org/10.1145/356827.356833",
	volume = 12,
	year = 1980
}

@techreport{RequichaVoelcker:77,
	author = "Requicha, A. A. G. and Voelcker, H. B.",
	institution = "Production Automation Project, Univ. of Rochester",
	number = "TM-25",
	title = "{Constructive solid geometry}",
	year = 1977
}

@article{Rossignac:1991:CNG:115604.115606,
	acmid = "115606",
	address = "Newton, MA, {USA}",
	author = "Rossignac, Jarek R. and Requicha, Aristides A. G.",
	bdsk-url-1 = "http://dx.doi.org/10.1016/0010-4485(91)90078-B",
	doi = "10.1016/0010-4485(91)90078-B",
	issn = "0010-4485",
	issue_date = "Jan./Feb. 1991",
	journal = "Comput. Aided Des.",
	month = feb,
	number = 1,
	numpages = "12",
	pages = "21--32",
	publisher = "Butterworth-Heinemann",
	title = "{Constructive non-regularized geometry}",
	url = "http://dx.doi.org/10.1016/0010-4485(91)90078-B",
	volume = 23,
	year = 1991
}

@book{bowyer1995svlis,
	author = "Bowyer, A.",
	bdsk-url-1 = "http://books.google.it/books?id=hYqwAAAACAAJ",
	isbn = "9781874728078",
	publisher = "Information Geometers",
	title = "{SvLis Set-theoretic Kernel Modeller: Introduction and User Manual}",
	url = "http://books.google.it/books?id=hYqwAAAACAAJ",
	year = 1995
}

@techreport{Baumgart:1972:WEP:891970,
	address = "Stanford, CA, {USA}",
	author = "Baumgart, Bruce G.",
	number = "Stan-CS-320",
	publisher = "Stanford University",
	source = "http://www.ncstrl.org:8900/ncstrl/servlet/search?formname=detail\&id=oai\%3Ancstrlh\%3Astan\%3ASTAN\%2F\%2FCS-TR-72-320",
	title = "{Winged edge polyhedron representation.}",
	year = 1972
}

@article{Braid:1975:SSB:360715.360727,
	acmid = "360727",
	address = "New York, NY, {USA}",
	author = "Braid, I. C.",
	bdsk-url-1 = "http://doi.acm.org/10.1145/360715.360727",
	bdsk-url-2 = "http://dx.doi.org/10.1145/360715.360727",
	doi = "10.1145/360715.360727",
	issn = "0001-0782",
	issue_date = "April 1975",
	journal = "Commun. {ACM}",
	keywords = "computational geometry; computer-aided design; graphics; machined components; polyhedra; shape synthesis; three-dimensional modeling",
	month = apr,
	number = 4,
	numpages = "8",
	pages = "209--216",
	publisher = "Acm",
	title = "{The synthesis of solids bounded by many faces}",
	url = "http://doi.acm.org/10.1145/360715.360727",
	volume = 18,
	year = 1975
}

@inproceedings{Dobkin:1987:PMT:41958.41967,
	acmid = "41967",
	address = "New York, NY, {USA}",
	author = "Dobkin, D. P. and Laszlo, M. J.",
	bdsk-url-1 = "http://doi.acm.org/10.1145/41958.41967",
	bdsk-url-2 = "http://dx.doi.org/10.1145/41958.41967",
	booktitle = "{Proceedings of the third annual symposium on Computational geometry}",
	doi = "10.1145/41958.41967",
	isbn = "0-89791-231-4",
	location = "Waterloo, Ontario, Canada",
	numpages = "14",
	pages = "86--99",
	publisher = "Acm",
	series = "{SCG '87}",
	title = "{Primitives for the manipulation of three-dimensional subdivisions}",
	url = "http://doi.acm.org/10.1145/41958.41967",
	year = 1987
}

@article{Guibas:1985:PMG:282918.282923,
	acmid = "282923",
	address = "New York, NY, {USA}",
	author = "Guibas, Leonidas and Stolfi, Jorge",
	bdsk-url-1 = "http://doi.acm.org/10.1145/282918.282923",
	bdsk-url-2 = "http://dx.doi.org/10.1145/282918.282923",
	doi = "10.1145/282918.282923",
	issn = "0730-0301",
	issue_date = "April 1985",
	journal = "{ACM} Trans. Graph.",
	keywords = "Euler operators; Voronoi and Delaunay diagrams; closest point; computational topology; convex hull; geometric primitives; nearest neighbours; planar graphs; point location; representation of polynedra; trianglations",
	month = apr,
	number = 2,
	numpages = "50",
	pages = "74--123",
	publisher = "Acm",
	title = "{Primitives for the manipulation of general subdivisions and the computation of Voronoi}",
	url = "http://doi.acm.org/10.1145/282918.282923",
	volume = 4,
	year = 1985
}

@article{woo:85,
	author = "Woo, T.",
	journal = "Computer Graphics \& Applications, {IEEE}",
	month = "March",
	number = 3,
	pages = "19--27",
	title = "{A Combinatorial Analysis of Boundary Data Structure Schemata}",
	volume = 5,
	year = 1985
}

@article{yamaguchi1995ntb,
	author = "Yamaguchi, Y. and Kimura, F.",
	journal = "Computer Graphics and Applications, {IEEE}",
	number = 1,
	pages = "42--50",
	title = "{Nonmanifold topology based on coupling entities}",
	volume = 15,
	year = 1995
}

@book{wozny1990geometric,
	author = "Wozny, M.J. and Turner, J.U. and Preiss, K.",
	bdsk-url-1 = "http://books.google.it/books?id=-BkfAQAAIAAJ",
	isbn = "9780444884480",
	lccn = "89027819",
	publisher = "North-Holland",
	title = "{Geometric modeling for product engineering: IFIP WG 5.2/NSF Working Conf. on Geometric Modeling, Rensselaerville, U.S.A., 18-22 September, 1988}",
	url = "http://books.google.it/books?id=-BkfAQAAIAAJ",
	year = 1990
}

@inproceedings{Lee:2001:PES:376957.376976,
	acmid = "376976",
	address = "New York, NY, {USA}",
	author = "Lee, Sang Hun and Lee, Kunwoo",
	bdsk-url-1 = "http://doi.acm.org/10.1145/376957.376976",
	bdsk-url-2 = "http://dx.doi.org/10.1145/376957.376976",
	booktitle = "{Proceedings of the sixth ACM symposium on Solid modeling and applications}",
	doi = "10.1145/376957.376976",
	isbn = "1-58113-366-9",
	keywords = "boundary representation; data structure; geometric modeling; non-manifold; topological entity",
	location = "Ann Arbor, Michigan, United States",
	numpages = "12",
	pages = "159--170",
	publisher = "Acm",
	series = "{SMA '01}",
	title = "{Partial entity structure: a compact non-manifold boundary representation based on partial topological entities}",
	url = "http://doi.acm.org/10.1145/376957.376976",
	year = 2001
}

@incollection{Rossignac:SGC:90,
	author = "Rossignac, J. R. and O'Connor, M. A.",
	booktitle = "{Geometric modeling for product engineering}",
	publisher = "North-Holland",
	title = "{{SGC:} A Dimension-independent Model for Pointsets with Internal Structures and Incomplete Boundaries}",
	year = 1990
}

@article{4055948,
	author = "Weiler, K. J.",
	bdsk-url-1 = "http://dx.doi.org/10.1109/MCG.1985.276271",
	doi = "10.1109/MCG.1985.276271",
	issn = "0272-1716",
	journal = "Computer Graphics and Applications, {IEEE}",
	month = "jan.",
	number = 1,
	pages = "21--40",
	title = "{Edge-Based Data Structures for Solid Modeling in Curved-Surface Environments}",
	volume = 5,
	year = 1985
}

@techreport{Silva:81,
	author = "Silva, C. E.",
	institution = "Production Automation Project, Univ. of Rochester",
	number = "TM-36",
	title = "{Alternative definitions of faces in boundary representations of solid objects}",
	year = 1981
}

@phdthesis{Shapiro:1991:RSS:124951,
	address = "Ithaca, NY, {USA}",
	author = "Shapiro, Vadim",
	note = "UMI Order No. GAX91-31407",
	publisher = "Cornell University",
	title = "{Representations of semi-algebraic sets in finite algebras generated by space decompositions}",
	year = 1991
}

@article{Paoluzzi:1993:DMS:169728.169719,
	acmid = "169719",
	address = "New York, NY, {USA}",
	author = "Paoluzzi, A. and Bernardini, F. and Cattani, C. and Ferrucci, V.",
	bdsk-url-1 = "http://doi.acm.org/10.1145/169728.169719",
	bdsk-url-2 = "http://dx.doi.org/10.1145/169728.169719",
	doi = "10.1145/169728.169719",
	issn = "0730-0301",
	issue_date = "Jan. 1993",
	journal = "{ACM} Trans. Graph.",
	keywords = "n-dimensional triangulation; Boolean operations; design languages; extrusion; polyhedra; representation; simplicial complexes; simplicial maps",
	month = jan,
	number = 1,
	numpages = "47",
	pages = "56--102",
	publisher = "Acm",
	title = "{Dimension-independent modeling with simplicial complexes}",
	url = "http://doi.acm.org/10.1145/169728.169719",
	volume = 12,
	year = 1993
}

@inproceedings{Pratt94ashape,
	author = "Pratt, Michael J. and Anderson, Bill D.",
	booktitle = "{in Fourteenth International Conference on Atomic Physics}",
	pages = "1--7",
	title = "{A Shape Modelling API for the {STEP} Standard}",
	year = 1994
}

@book{bowyer1995introducing,
	author = "Bowyer, A. and {Geometric Modelling Society}",
	bdsk-url-1 = "http://books.google.it/books?id=oCGGAAAACAAJ",
	isbn = "9781874728085",
	publisher = "Information Geometers [for] the Geometric Modelling Society",
	title = "{Introducing {Djinn}: A Geometric Interface for Solid Modelling}",
	url = "http://books.google.it/books?id=oCGGAAAACAAJ",
	year = 1995
}

@inproceedings{Gomes:1999:MMB:304012.304039,
	acmid = "304039",
	address = "New York, NY, {USA}",
	author = "Gomes, Abel and Middleditch, Alan and Reade, Chris",
	bdsk-url-1 = "http://doi.acm.org/10.1145/304012.304039",
	bdsk-url-2 = "http://dx.doi.org/10.1145/304012.304039",
	booktitle = "{Proceedings of the fifth ACM symposium on Solid modeling and applications}",
	doi = "10.1145/304012.304039",
	isbn = "1-58113-080-5",
	location = "Ann Arbor, Michigan, United States",
	numpages = "8",
	pages = "270--277",
	publisher = "Acm",
	series = "{SMA '99}",
	title = "{A mathematical model for boundary representations of n-dimensional geometric objects}",
	url = "http://doi.acm.org/10.1145/304012.304039",
	year = 1999
}

@article{Raghothama:1998:BRD:293145.293148,
	acmid = "293148",
	address = "New York, NY, {USA}",
	author = "Raghothama, Srinivas and Shapiro, Vadim",
	bdsk-url-1 = "http://doi.acm.org/10.1145/293145.293148",
	bdsk-url-2 = "http://dx.doi.org/10.1145/293145.293148",
	doi = "10.1145/293145.293148",
	issn = "0730-0301",
	issue_date = "Oct. 1998",
	journal = "{ACM} Trans. Graph.",
	keywords = "algebraic topology; boundary deformation; boundary representation; cell complex; parametric editing; persistent naming; soild modeling",
	month = oct,
	number = 4,
	numpages = "28",
	pages = "259--286",
	publisher = "Acm",
	title = "{Boundary representation deformation in parametric solid modeling}",
	url = "http://doi.acm.org/10.1145/293145.293148",
	volume = 17,
	year = 1998
}

@inproceedings{Shapiro:1995:PFS:218013.218029,
	acmid = "218029",
	address = "New York, NY, {USA}",
	author = "Shapiro, Vadim and Vossler, Donald L.",
	bdsk-url-1 = "http://doi.acm.org/10.1145/218013.218029",
	bdsk-url-2 = "http://dx.doi.org/10.1145/218013.218029",
	booktitle = "{Proceedings of the third ACM symposium on Solid modeling and applications}",
	doi = "10.1145/218013.218029",
	isbn = "0-89791-672-7",
	location = "Salt Lake City, Utah, United States",
	numpages = "12",
	pages = "43--54",
	publisher = "Acm",
	series = "{SMA '95}",
	title = "{What is a parametric family of solids?}",
	url = "http://doi.acm.org/10.1145/218013.218029",
	year = 1995
}

@article{HoffmannK01,
	author = "Hoffmann, Christoph M. and Kim, Ku-Jin",
	bdsk-url-1 = "http://dx.doi.org/10.1016/S0010-4485(00)00073-7",
	citedby = "0",
	cites = "0",
	doi = "10.1016/S0010-4485(00)00073-7",
	journal = "Computer-Aided Design",
	number = 1,
	pages = "81--90",
	researchr = "http://researchr.org/publication/HoffmannK01",
	title = "{Towards valid parametric CAD models}",
	volume = 33,
	year = 2001
}

@inproceedings{Raghothama:1999:CUD:304012.304019,
	acmid = "304019",
	address = "New York, NY, {USA}",
	author = "Raghothama, Srinivas and Shapiro, Vadim",
	bdsk-url-1 = "http://doi.acm.org/10.1145/304012.304019",
	bdsk-url-2 = "http://dx.doi.org/10.1145/304012.304019",
	booktitle = "{Proceedings of the fifth ACM symposium on Solid modeling and applications}",
	doi = "10.1145/304012.304019",
	isbn = "1-58113-080-5",
	location = "Ann Arbor, Michigan, United States",
	numpages = "11",
	pages = "65--75",
	publisher = "Acm",
	series = "{SMA '99}",
	title = "{Consistent updates in dual representation systems}",
	url = "http://doi.acm.org/10.1145/304012.304019",
	year = 1999
}

@article{ieee-tase,
	author = "DiCarlo, A. and Milicchio, F. and Paoluzzi, A. and Shapiro, V.",
	bdsk-url-1 = "http://dx.doi.org/10.1109/TASE.2009.2021342",
	doi = "10.1109/TASE.2009.2021342",
	issn = "1545-5955",
	journal = "Automation Science and Engineering, {IEEE} Transactions on",
	keywords = "Euler operators; Hasse matrix; block-bidiagonal matrix; chain-based representations; local mesh refinements; multilinear transformations; physical modeling; solid modeling; topology-preserving mesh refinements; matrix algebra; mesh generation",
	month = "July",
	number = 3,
	pages = "454--467",
	title = "{Chain-Based Representations for Solid and Physical Modeling}",
	volume = 6,
	year = 2009
}

@article{cadanda,
	author = "Bajaj, C. and Paoluzzi, A. and Scorzelli, G.",
	journal = "Computer-Aided Design and Applications",
	number = "5-6",
	title = "{Progressive conversion from B-rep to BSP for streaming geometric modeling}",
	volume = 3,
	year = 2006
}

@inproceedings{Pascucci:1995:DCB:218013.218055,
	acmid = "218055",
	address = "New York, NY, {USA}",
	author = "Pascucci, Valerio and Ferrucci, Vincenzo and Paoluzzi, Alberto",
	bdsk-url-1 = "http://doi.acm.org/10.1145/218013.218055",
	bdsk-url-2 = "http://dx.doi.org/10.1145/218013.218055",
	booktitle = "{Proceedings of the third ACM Symposium on Solid Modeling and Applications}",
	doi = "10.1145/218013.218055",
	isbn = "0-89791-672-7",
	location = "Salt Lake City, Utah, United States",
	numpages = "12",
	pages = "163--174",
	publisher = "Acm",
	series = "{SMA '95}",
	title = "{Dimension-independent convex-cell based {HPC}: representation scheme and implementation issues}",
	url = "http://doi.acm.org/10.1145/218013.218055",
	year = 1995
}

@article{Paoluzzi:1995:GPP:212332.212349,
	acmid = "212349",
	address = "New York, NY, {USA}",
	author = "Paoluzzi, Alberto and Pascucci, Valerio and Vicentino, Michele",
	bdsk-url-1 = "http://doi.acm.org/10.1145/212332.212349",
	bdsk-url-2 = "http://dx.doi.org/10.1145/212332.212349",
	doi = "10.1145/212332.212349",
	issn = "0730-0301",
	issue_date = "July 1995",
	journal = "{ACM} Trans. Graph.",
	keywords = "design language; functional programming; generative modeling; geometric design; polyhedra; solid modeling; variational geometry",
	month = jul,
	number = 3,
	numpages = "41",
	pages = "266--306",
	publisher = "Acm",
	title = "{Geometric programming: a programming approach to geometric design}",
	url = "http://doi.acm.org/10.1145/212332.212349",
	volume = 14,
	year = 1995
}

@article{Paoluzzi:1989:BAO:70248.70249,
	acmid = "70249",
	address = "Newton, MA, {USA}",
	author = "Paoluzzi, A. and Ramella, M. and Santarelli, A",
	bdsk-url-1 = "http://dl.acm.org/citation.cfm?id=70248.70249",
	issn = "0010-4485",
	issue_date = "Oct. 1989",
	journal = "Comput. Aided Des.",
	month = oct,
	number = 10,
	numpages = "11",
	pages = "474--484",
	publisher = "Butterworth-Heinemann",
	title = "{Boolean algebra over linear polyhedra}",
	url = "http://dl.acm.org/citation.cfm?id=70248.70249",
	volume = 21,
	year = 1989
}

@article{Ala:1992:PAB:616022.617736,
	acmid = "617736",
	address = "Los Alamitos, CA, {USA}",
	author = "Ala, Seshagiri Rao",
	bdsk-url-1 = "http://dx.doi.org/10.1109/38.124288",
	doi = "10.1109/38.124288",
	issn = "0272-1716",
	issue_date = "March 1992",
	journal = "{IEEE} Comput. Graph. Appl.",
	month = mar,
	number = 2,
	numpages = "10",
	pages = "49--58",
	publisher = "{IEEE} Computer Society Press",
	title = "{Performance Anomalies in Boundary Data Structures}",
	url = "http://dx.doi.org/10.1109/38.124288",
	volume = 12,
	year = 1992
}

@techreport{W3CPNG,
	author = "W3C",
	title = "{Portable Network Graphics (PNG) Specification (Second Edition)}"
}

